@article{sampleReference,
  author = {John Doe},
  title = {An Interesting Article},
  journal = {Journal of Interesting Stuff},
  year = {2023},
  volume = {1},
  pages = {1-10}
}
